<?xml version="1.0" encoding="UTF-8"?><record xmlns="http://www.loc.gov/MARC21/slim" xmlns:cinclude="http://apache.org/cocoon/include/1.0" xmlns:zs="http://www.loc.gov/zing/srw/">
  <leader>01023cz  a2200205n  4500</leader>
  <controlfield tag="001">n 2014219047</controlfield>
  <controlfield tag="003">DLC</controlfield>
  <controlfield tag="005">20141023073850.0</controlfield>
  <controlfield tag="008">140906n| azannaabn          |b aaa      </controlfield>
  <datafield tag="010" ind1=" " ind2=" ">
    <subfield code="a">n 2014219047</subfield>
  </datafield>
  <datafield tag="035" ind1=" " ind2=" ">
    <subfield code="a">(OCoLC)oca09955200</subfield>
  </datafield>
  <datafield tag="040" ind1=" " ind2=" ">
    <subfield code="a">DLC</subfield>
    <subfield code="b">eng</subfield>
    <subfield code="e">rda</subfield>
    <subfield code="c">DLC</subfield>
    <subfield code="d">DLC</subfield>
    <subfield code="d">IEN</subfield>
  </datafield>
  <datafield tag="100" ind1="1" ind2=" ">
    <subfield code="a">Jarbāʼ, Muḥammad ibn ʻAbd al-ʻAzīz</subfield>
  </datafield>
  <datafield tag="373" ind1=" " ind2=" ">
    <subfield code="a">Hayʼat al-Khubarāʼ fī Majlis al-Wuzarāʼ</subfield>
  </datafield>
  <datafield tag="373" ind1=" " ind2=" ">
    <subfield code="a">Jāmiʻat al-Malik Saʻūd. Qism al-Qānūn. Hayʼat al-Tadrīs</subfield>
  </datafield>
  <datafield tag="375" ind1=" " ind2=" ">
    <subfield code="a">male</subfield>
  </datafield>
  <datafield tag="377" ind1=" " ind2=" ">
    <subfield code="a">ara</subfield>
  </datafield>
  <datafield tag="400" ind1="1" ind2=" ">
    <subfield code="a">‏جرباء، محمد بن عبد العزيز</subfield>
  </datafield>
  <datafield tag="667" ind1=" " ind2=" ">
    <subfield code="a">Non-Latin script reference not evaluated.</subfield>
  </datafield>
  <datafield tag="670" ind1=" " ind2=" ">
    <subfield code="a">Shuʼūn qānūnīyah Saʻūdīyah, 2013:</subfield>
    <subfield code="b">title page (محمد بن عبد العزيز الجرباء = Muḥammad ibn ʻAbd al-ʻAzīz al-Jarbāʼ al-khabīr al-qānūnī fī Hayʼat al-Khubarāʼ fī Majlis al-Wuzarāʼ, ʻuḍw Hayʼat al-Tadrīs bi-al-taʻāwun fī Qism al-Qānūn fī Jāmiʻat al-Malik Saʻūd wa-al-muḥakkam al-muʻtamad)</subfield>
  </datafield>
</record>